 @book{escontrela_2018, 
    title={Convolution operation representation}, 
    url={https://miro.medium.com/max/1052/0*WW3aJq2B8V2gLzd3.}, 
    journal={Towardsdatascience}, 
    author={Escontrela, Alejandro}, 
    year={2018}, 
    month={Jun}}